<collection xmlns="http://www.loc.gov/MARC21/slim"><record><leader>02731cjm a22006494i 4500</leader><controlfield tag="001">000000021</controlfield><controlfield tag="003">FI-MELINDA</controlfield><controlfield tag="005">20210826124448.0</controlfield><controlfield tag="007">sd|f||g|||m|||</controlfield><controlfield tag="008">121019s2012    fi zznn  z        | zxx| </controlfield><datafield ind1="3" ind2=" " tag="024"><subfield code="a">6430037170096</subfield></datafield><datafield ind1="0" ind2="1" tag="028"><subfield code="b">Sibarecords</subfield><subfield code="a">SACD-1009</subfield></datafield><datafield ind1="0" ind2="0" tag="033"><subfield code="a">2011----</subfield></datafield><datafield ind1=" " ind2=" " tag="035"><subfield code="a">(FI-MELINDA)000000021</subfield></datafield><datafield ind1=" " ind2=" " tag="080"><subfield code="a">294.55</subfield></datafield><datafield ind1=" " ind2=" " tag="080"><subfield code="a">929 Bhaktivedanta</subfield></datafield><datafield ind1=" " ind2=" " tag="084"><subfield code="a">78.66</subfield><subfield code="2">ykl</subfield></datafield><datafield ind1="1" ind2=" " tag="100"><subfield code="a">Rantanen, Matti,</subfield><subfield code="d">1952-</subfield><subfield code="e">esittäjä.</subfield></datafield><datafield ind1="1" ind2="0" tag="245"><subfield code="a">Missa brevis :</subfield><subfield code="b">A mass for accordion /</subfield><subfield code="c">Matti Rantanen, accordion.</subfield></datafield><datafield ind1=" " ind2=" " tag="260"><subfield code="a">[Helsinki] :</subfield><subfield code="b">Sibarecords,</subfield><subfield code="c">℗ 2012.</subfield></datafield><datafield ind1=" " ind2=" " tag="300"><subfield code="a">1 CD-äänilevy (53'42) +</subfield><subfield code="e">tekstiliite (12 s.)</subfield></datafield><datafield ind1=" " ind2=" " tag="336"><subfield code="a">esitetty musiikki</subfield><subfield code="b">prm</subfield><subfield code="2">rdacontent</subfield></datafield><datafield ind1=" " ind2=" " tag="337"><subfield code="a">audio</subfield><subfield code="b">s</subfield><subfield code="2">rdamedia</subfield></datafield><datafield ind1=" " ind2=" " tag="338"><subfield code="a">äänilevy</subfield><subfield code="b">sd</subfield><subfield code="2">rdacarrier</subfield></datafield><datafield ind1=" " ind2=" " tag="370"><subfield code="8">1\u</subfield><subfield code="g">Suomi</subfield><subfield code="2">yso/fin</subfield><subfield code="0">http://www.yso.fi/onto/yso/p94426</subfield></datafield><datafield ind1=" " ind2=" " tag="370"><subfield code="8">1\u</subfield><subfield code="g">Finland</subfield><subfield code="2">yso/swe</subfield><subfield code="0">http://www.yso.fi/onto/yso/p94426</subfield></datafield><datafield ind1="1" ind2="1" tag="382"><subfield code="8">1\u</subfield><subfield code="a">harmonikka</subfield><subfield code="2">seko</subfield></datafield><datafield ind1="1" ind2="1" tag="382"><subfield code="8">2\u</subfield><subfield code="a">harmonikka</subfield><subfield code="2">seko</subfield></datafield><datafield ind1="1" ind2="1" tag="382"><subfield code="8">3\u</subfield><subfield code="a">harmonikka</subfield><subfield code="2">seko</subfield></datafield><datafield ind1=" " ind2=" " tag="388"><subfield code="8">1\u</subfield><subfield code="a">2010-luku</subfield><subfield code="2">yso/fin</subfield></datafield><datafield ind1=" " ind2=" " tag="500"><subfield code="a">Hybridi SACD -levy, stereo / monikanavaääni; toistettavissa myös CD-soittimella.</subfield></datafield><datafield ind1=" " ind2=" " tag="500"><subfield code="a">Instrumentaaliesitys.</subfield></datafield><datafield ind1="0" ind2=" " tag="505"><subfield code="a">Sonata n:o VII: Largo (Pater, in manus tuas commendo spiritum meum- Isä, sinun käsiisi minä annan henkeni) ; Missa brevis for accordion ; Adagio in B minor, KV 540 ; Hymns of Zion for cello and accordion ; Hug ; Chorale prelude.</subfield></datafield><datafield ind1="0" ind2=" " tag="511"><subfield code="a">Rantanen, Matti (harmonikka). Ylönen, Marko (sello).</subfield></datafield><datafield ind1=" " ind2=" " tag="518"><subfield code="a">Äänitys: 2011, Nummi, Nummen kirkko.</subfield></datafield><datafield ind1="2" ind2=" " tag="520"><subfield code="a">6 teosta.</subfield></datafield><datafield ind1="0" ind2="4" tag="600"><subfield code="a">Bhaktivedanta, A. C.</subfield></datafield><datafield ind1=" " ind2="7" tag="650"><subfield code="a">Krishna Consciousness Movement</subfield><subfield code="x">biography</subfield><subfield code="2">atla</subfield></datafield><datafield ind1=" " ind2="7" tag="650"><subfield code="a">religious movements, popular</subfield><subfield code="2">atla</subfield></datafield><datafield ind1=" " ind2="7" tag="650"><subfield code="a">asiasana3</subfield></datafield><datafield ind1=" " ind2="7" tag="655"><subfield code="8">2\u</subfield><subfield code="a">hengellinen musiikki</subfield><subfield code="2">slm/fin</subfield><subfield code="0">http://urn.fi/URN:NBN:fi:au:slm:s1139</subfield></datafield><datafield ind1=" " ind2="7" tag="655"><subfield code="8">3\u</subfield><subfield code="a">taidemusiikki</subfield><subfield code="2">slm/fin</subfield><subfield code="0">http://urn.fi/URN:NBN:fi:au:slm:s474</subfield></datafield><datafield ind1=" " ind2="7" tag="655"><subfield code="8">2\u</subfield><subfield code="a">andlig musik</subfield><subfield code="2">slm/swe</subfield><subfield code="0">http://urn.fi/URN:NBN:fi:au:slm:s1139</subfield></datafield><datafield ind1=" " ind2="7" tag="655"><subfield code="8">3\u</subfield><subfield code="a">konstmusik</subfield><subfield code="2">slm/swe</subfield><subfield code="0">http://urn.fi/URN:NBN:fi:au:slm:s474</subfield></datafield><datafield ind1="1" ind2=" " tag="700"><subfield code="a">Ylönen, Marko,</subfield><subfield code="d">1966-</subfield><subfield code="e">esittäjä.</subfield></datafield><datafield ind1=" " ind2=" " tag="850"><subfield code="a">FI-NLD</subfield><subfield code="a">FI-Gmc</subfield></datafield><datafield ind1=" " ind2=" " tag="SID"><subfield code="c">22</subfield><subfield code="b">alma</subfield></datafield><datafield ind1=" " ind2=" " tag="SID"><subfield code="c">1122808</subfield><subfield code="b">gmc</subfield></datafield><datafield ind1=" " ind2=" " tag="CAT"><subfield code="a">CONV-ISBD</subfield><subfield code="b">undefined</subfield><subfield code="c">20120401</subfield><subfield code="l">FIN01</subfield><subfield code="h">2007</subfield></datafield><datafield ind1=" " ind2=" " tag="CAT"><subfield code="a">CONV-RDA</subfield><subfield code="b">undefined</subfield><subfield code="c">20160319</subfield><subfield code="l">FIN01</subfield><subfield code="h">0811</subfield></datafield><datafield ind1=" " ind2=" " tag="CAT"><subfield code="a">LOAD-GMC</subfield><subfield code="b">20</subfield><subfield code="c">20190205</subfield><subfield code="l">FIN01</subfield><subfield code="h">1140</subfield></datafield><datafield ind1=" " ind2=" " tag="CAT"><subfield code="a">LOAD-YSO</subfield><subfield code="b">00</subfield><subfield code="c">20190708</subfield><subfield code="l">FIN01</subfield><subfield code="h">1831</subfield></datafield><datafield ind1=" " ind2=" " tag="CAT"><subfield code="a">MINTTU</subfield><subfield code="b">undefined</subfield><subfield code="c">20210722</subfield><subfield code="l">FIN01</subfield><subfield code="h">1130</subfield></datafield><datafield ind1=" " ind2=" " tag="CAT"><subfield code="a">MINTTU</subfield><subfield code="b">undefined</subfield><subfield code="c">20210723</subfield><subfield code="l">FIN01</subfield><subfield code="h">1658</subfield></datafield><datafield ind1=" " ind2=" " tag="CAT"><subfield code="a">MINTTU</subfield><subfield code="b">undefined</subfield><subfield code="c">20210723</subfield><subfield code="l">FIN01</subfield><subfield code="h">1705</subfield></datafield><datafield ind1=" " ind2=" " tag="CAT"><subfield code="a">LOAD-ALINK</subfield><subfield code="b">undefined</subfield><subfield code="c">20210826</subfield><subfield code="l">FIN01</subfield><subfield code="h">1244</subfield></datafield><datafield ind1=" " ind2=" " tag="LOW"><subfield code="a">ALMA</subfield></datafield><datafield ind1=" " ind2=" " tag="LOW"><subfield code="a">GMC</subfield></datafield></record>