<record><leader>04289cjm a22008654i 4500</leader><controlfield tag="001">000000020</controlfield><controlfield tag="003">FI-MELINDA</controlfield><controlfield tag="005">20210826125600.0</controlfield><controlfield tag="007">sd |||g|||m||d</controlfield><controlfield tag="008">121105s2001    no fmnn             smi c</controlfield><datafield ind1="0" ind2="0" tag="028"><subfield code="b">LC00699</subfield><subfield code="a">017019-2</subfield></datafield><datafield ind1=" " ind2=" " tag="035"><subfield code="a">(FI-MELINDA)000000020</subfield></datafield><datafield ind1=" " ind2=" " tag="041"><subfield code="d">smi</subfield><subfield code="d">eng</subfield></datafield><datafield ind1=" " ind2=" " tag="080"><subfield code="a">641</subfield></datafield><datafield ind1=" " ind2=" " tag="080"><subfield code="a">54</subfield></datafield><datafield ind1=" " ind2=" " tag="084"><subfield code="a">78.897</subfield><subfield code="2">ykl</subfield></datafield><datafield ind1="1" ind2=" " tag="100"><subfield code="a">Boine, Mari,</subfield><subfield code="e">esittäjä.</subfield></datafield><datafield ind1="1" ind2="0" tag="245"><subfield code="a">Eight seasons =</subfield><subfield code="b">Gavcci jahkejuogu.</subfield></datafield><datafield ind1=" " ind2=" " tag="260"><subfield code="a">[Kustannuspaikka tuntematon] :</subfield><subfield code="b">Universal Music,</subfield><subfield code="c">p2001.</subfield></datafield><datafield ind1=" " ind2=" " tag="300"><subfield code="a">1 CD-äänilevy +</subfield><subfield code="e">tekstiliite.</subfield></datafield><datafield ind1=" " ind2=" " tag="336"><subfield code="a">esitetty musiikki</subfield><subfield code="b">prm</subfield><subfield code="2">rdacontent</subfield></datafield><datafield ind1=" " ind2=" " tag="337"><subfield code="a">audio</subfield><subfield code="b">s</subfield><subfield code="2">rdamedia</subfield></datafield><datafield ind1=" " ind2=" " tag="338"><subfield code="a">äänilevy</subfield><subfield code="b">sd</subfield><subfield code="2">rdacarrier</subfield></datafield><datafield ind1=" " ind2=" " tag="370"><subfield code="8">3\u</subfield><subfield code="8">4\u</subfield><subfield code="8">5\u</subfield><subfield code="g">Norja</subfield><subfield code="2">yso/fin</subfield><subfield code="0">http://www.yso.fi/onto/yso/p94309</subfield></datafield><datafield ind1=" " ind2=" " tag="370"><subfield code="8">3\u</subfield><subfield code="8">4\u</subfield><subfield code="8">5\u</subfield><subfield code="g">Norge</subfield><subfield code="2">yso/swe</subfield><subfield code="0">http://www.yso.fi/onto/yso/p94309</subfield></datafield><datafield ind1=" " ind2=" " tag="500"><subfield code="a">1. Aufl. 1982.</subfield></datafield><datafield ind1=" " ind2=" " tag="500"><subfield code="a">26. Aufl., 251.-255. Tausend 1983.</subfield></datafield><datafield ind1=" " ind2=" " tag="500"><subfield code="a">Liite sis. laulujen sanat.</subfield></datafield><datafield ind1="0" ind2=" " tag="505"><subfield code="a">Boadan nuppi bealde / M. Boine, Svein Schultz. Song for the unborn / Giuliano Contardo, Inga R. Eira, Boine, R. Ludvigsen. Sarahka viina ; Guovssahasaid ajagattis / Risten Sokki, Boine, Ludvigsen. Sielu dlakkas / Nils Viktor Holmberg, Åge Anthi. Mu vaibmu vadjul doppe / Brorson, trad. Butterfly / Merle Collins, Boine, Ludvigsen. Liegga gokcas sis / Kirsti Paltto, Boine. You never know / Synnöve Persen, Boine. Duottar rassi / Nils Johan Heatta, Boine, Ludvigsen. Silba varjala / Boine, Marry A. Somby, Paltto, Ludvigsen. Bottoza dahtun / Boine.</subfield></datafield><datafield ind1="0" ind2=" " tag="511"><subfield code="a">Mari Boine (voc), Jan Garbarek (ts), Roger Ludvigsen (g), Sven Schultz (b), Kenneth Ekornes (dr, perc), Richard Thomas (ss, fl), Carlos Z. Quispe (fl, charango), Bugge Wesseltoft (synt, tuott.).</subfield></datafield><datafield ind1=" " ind2="7" tag="650"><subfield code="8">1\u</subfield><subfield code="8">2\u</subfield><subfield code="a">saamelaiset</subfield><subfield code="2">yso/fin</subfield><subfield code="0">http://www.yso.fi/onto/yso/p11537</subfield></datafield><datafield ind1=" " ind2="7" tag="650"><subfield code="8">1\u</subfield><subfield code="a">maailmanmusiikki</subfield><subfield code="2">yso/fin</subfield><subfield code="0">http://www.yso.fi/onto/yso/p3065</subfield></datafield><datafield ind1=" " ind2="7" tag="650"><subfield code="8">2\u</subfield><subfield code="a">musiikki</subfield><subfield code="2">yso/fin</subfield><subfield code="0">http://www.yso.fi/onto/yso/p1808</subfield></datafield><datafield ind1=" " ind2="7" tag="650"><subfield code="8">1\u</subfield><subfield code="8">2\u</subfield><subfield code="a">samer</subfield><subfield code="2">yso/swe</subfield><subfield code="0">http://www.yso.fi/onto/yso/p11537</subfield></datafield><datafield ind1=" " ind2="7" tag="650"><subfield code="8">1\u</subfield><subfield code="a">världsmusik</subfield><subfield code="2">yso/swe</subfield><subfield code="0">http://www.yso.fi/onto/yso/p3065</subfield></datafield><datafield ind1=" " ind2="7" tag="650"><subfield code="8">2\u</subfield><subfield code="a">musik</subfield><subfield code="2">yso/swe</subfield><subfield code="0">http://www.yso.fi/onto/yso/p1808</subfield></datafield><datafield ind1=" " ind2="7" tag="650"><subfield code="a">chemistry</subfield><subfield code="2">atla</subfield></datafield><datafield ind1=" " ind2="7" tag="650"><subfield code="a">food</subfield><subfield code="2">atla</subfield></datafield><datafield ind1=" " ind2="7" tag="650"><subfield code="a">asiasana</subfield></datafield><datafield ind1=" " ind2="7" tag="650"><subfield code="a">asiasana</subfield><subfield code="2">é</subfield></datafield><datafield ind1=" " ind2="7" tag="650"><subfield code="a">asiasana2</subfield></datafield><datafield ind1=" " ind2="7" tag="650"><subfield code="a">asiasana3</subfield></datafield><datafield ind1=" " ind2="7" tag="651"><subfield code="8">2\u</subfield><subfield code="a">Norja</subfield><subfield code="2">yso/fin</subfield><subfield code="0">http://www.yso.fi/onto/yso/p94309</subfield></datafield><datafield ind1=" " ind2="7" tag="651"><subfield code="8">2\u</subfield><subfield code="a">Norge</subfield><subfield code="2">yso/swe</subfield><subfield code="0">http://www.yso.fi/onto/yso/p94309</subfield></datafield><datafield ind1=" " ind2="7" tag="655"><subfield code="8">3\u</subfield><subfield code="a">maailmanmusiikki</subfield><subfield code="2">slm/fin</subfield><subfield code="0">http://urn.fi/URN:NBN:fi:au:slm:s1188</subfield></datafield><datafield ind1=" " ind2="7" tag="655"><subfield code="8">4\u</subfield><subfield code="a">populaarimusiikki</subfield><subfield code="2">slm/fin</subfield><subfield code="0">http://urn.fi/URN:NBN:fi:au:slm:s1218</subfield></datafield><datafield ind1=" " ind2="7" tag="655"><subfield code="8">5\u</subfield><subfield code="a">perinnemusiikki</subfield><subfield code="2">slm/fin</subfield><subfield code="0">http://urn.fi/URN:NBN:fi:au:slm:s662</subfield></datafield><datafield ind1=" " ind2="7" tag="655"><subfield code="8">3\u</subfield><subfield code="a">världsmusik</subfield><subfield code="2">slm/swe</subfield><subfield code="0">http://urn.fi/URN:NBN:fi:au:slm:s1188</subfield></datafield><datafield ind1=" " ind2="7" tag="655"><subfield code="8">4\u</subfield><subfield code="a">populärmusik</subfield><subfield code="2">slm/swe</subfield><subfield code="0">http://urn.fi/URN:NBN:fi:au:slm:s1218</subfield></datafield><datafield ind1=" " ind2="7" tag="655"><subfield code="8">5\u</subfield><subfield code="a">traditionell musik</subfield><subfield code="2">slm/swe</subfield><subfield code="0">http://urn.fi/URN:NBN:fi:au:slm:s662</subfield></datafield><datafield ind1="2" ind2=" " tag="710"><subfield code="a">Katalyse-Umweltgruppe Köln.</subfield></datafield><datafield ind1="1" ind2=" " tag="700"><subfield code="a">Boine, Mari,</subfield><subfield code="e">esittäjä.</subfield></datafield><datafield ind1=" " ind2=" " tag="850"><subfield code="a">FI-Gmc</subfield></datafield><datafield ind1=" " ind2=" " tag="SID"><subfield code="c">21</subfield><subfield code="b">alma</subfield></datafield><datafield ind1=" " ind2=" " tag="SID"><subfield code="c">1130723</subfield><subfield code="b">gmc</subfield></datafield><datafield ind1=" " ind2=" " tag="CAT"><subfield code="a">X4005</subfield><subfield code="b">30</subfield><subfield code="c">20100329</subfield><subfield code="l">FIN01</subfield><subfield code="h">1428</subfield></datafield><datafield ind1=" " ind2=" " tag="CAT"><subfield code="a">CONV-ISBD</subfield><subfield code="b" /><subfield code="c">20120401</subfield><subfield code="l">FIN01</subfield><subfield code="h">2007</subfield></datafield><datafield ind1=" " ind2=" " tag="CAT"><subfield code="a">CONV-RDA</subfield><subfield code="b" /><subfield code="c">20160319</subfield><subfield code="l">FIN01</subfield><subfield code="h">0811</subfield></datafield><datafield ind1=" " ind2=" " tag="CAT"><subfield code="a">LOAD-GMC</subfield><subfield code="b">20</subfield><subfield code="c">20190205</subfield><subfield code="l">FIN01</subfield><subfield code="h">1140</subfield></datafield><datafield ind1=" " ind2=" " tag="CAT"><subfield code="a">LOAD-YSO</subfield><subfield code="b">00</subfield><subfield code="c">20190703</subfield><subfield code="l">FIN01</subfield><subfield code="h">1607</subfield></datafield><datafield ind1=" " ind2=" " tag="CAT"><subfield code="a">LOAD-YSO</subfield><subfield code="b">00</subfield><subfield code="c">20190705</subfield><subfield code="l">FIN01</subfield><subfield code="h">1101</subfield></datafield><datafield ind1=" " ind2=" " tag="CAT"><subfield code="a">MINTTU</subfield><subfield code="b" /><subfield code="c">20210722</subfield><subfield code="l">FIN01</subfield><subfield code="h">1126</subfield></datafield><datafield ind1=" " ind2=" " tag="CAT"><subfield code="a">LOAD-ALINK</subfield><subfield code="b" /><subfield code="c">20210722</subfield><subfield code="l">FIN01</subfield><subfield code="h">1222</subfield></datafield><datafield ind1=" " ind2=" " tag="CAT"><subfield code="a">MINTTU</subfield><subfield code="b" /><subfield code="c">20210722</subfield><subfield code="l">FIN01</subfield><subfield code="h">1818</subfield></datafield><datafield ind1=" " ind2=" " tag="CAT"><subfield code="a">MINTTU</subfield><subfield code="b" /><subfield code="c">20210723</subfield><subfield code="l">FIN01</subfield><subfield code="h">1316</subfield></datafield><datafield ind1=" " ind2=" " tag="CAT"><subfield code="a">MINTTU</subfield><subfield code="b" /><subfield code="c">20210723</subfield><subfield code="l">FIN01</subfield><subfield code="h">1634</subfield></datafield><datafield ind1=" " ind2=" " tag="CAT"><subfield code="a">MINTTU</subfield><subfield code="b" /><subfield code="c">20210723</subfield><subfield code="l">FIN01</subfield><subfield code="h">1652</subfield></datafield><datafield ind1=" " ind2=" " tag="CAT"><subfield code="a">MINTTU</subfield><subfield code="b" /><subfield code="c">20210723</subfield><subfield code="l">FIN01</subfield><subfield code="h">1656</subfield></datafield><datafield ind1=" " ind2=" " tag="CAT"><subfield code="a">MINTTU</subfield><subfield code="b" /><subfield code="c">20210726</subfield><subfield code="l">FIN01</subfield><subfield code="h">1848</subfield></datafield><datafield ind1=" " ind2=" " tag="CAT"><subfield code="a">MINTTU</subfield><subfield code="b" /><subfield code="c">20210726</subfield><subfield code="l">FIN01</subfield><subfield code="h">1922</subfield></datafield><datafield ind1=" " ind2=" " tag="CAT"><subfield code="a">MINTTU</subfield><subfield code="b" /><subfield code="c">20210726</subfield><subfield code="l">FIN01</subfield><subfield code="h">1952</subfield></datafield><datafield ind1=" " ind2=" " tag="CAT"><subfield code="a">LOAD-ALINK</subfield><subfield code="b" /><subfield code="c">20210826</subfield><subfield code="l">FIN01</subfield><subfield code="h">1237</subfield></datafield><datafield ind1=" " ind2=" " tag="CAT"><subfield code="a">LOAD-ALINK</subfield><subfield code="b" /><subfield code="c">20210826</subfield><subfield code="l">FIN01</subfield><subfield code="h">1250</subfield></datafield><datafield ind1=" " ind2=" " tag="CAT"><subfield code="a">LOAD-ALINK</subfield><subfield code="b" /><subfield code="c">20210826</subfield><subfield code="l">FIN01</subfield><subfield code="h">1256</subfield></datafield><datafield ind1=" " ind2=" " tag="LOW"><subfield code="a">VAARI</subfield></datafield><datafield ind1=" " ind2=" " tag="LOW"><subfield code="a">GMC</subfield></datafield></record></collection>